1010 1513
439 159 499 179 ANT
508 158 636 184 angelorum
646 159 713 184 chori,

439 189 478 209 des
487 190 578 209 cantant
588 189 692 214 Creatori,

439 224 476 240 :ern
485 219 577 238 cernunt
586 218 608 238 in
618 218 703 243 decore,

439 249 470 268 :nt
479 248 551 273 corde,
561 247 652 268 laudant
661 254 704 273 ore,

439 277 557 303 ipanizant,
568 277 706 302 citharizant,

439 308 456 327 it
465 307 487 326 in
496 306 563 327 scalis
571 306 646 327 volant
655 307 702 332 alis,

439 337 476 356 ant
485 336 546 361 nolis,
556 336 641 361 fulgent
650 336 713 357 stolis

439 372 493 386 ›ram
502 371 588 386 summa
596 365 715 391 Trinitate;

439 396 499 415 nant:
509 395 611 420 Sanctus,
622 397 719 420 sanctus,
730 396 830 416 sanctus!

439 425 457 445 it
466 424 533 449 dolor,
543 425 618 445 cessat
627 424 729 450 planctus

449 460 545 480 superna
554 454 649 474 civitate.

387 518 485 538 Concors
493 522 537 537 vox
546 518 581 537 est
591 517 688 537 omnium

387 548 459 568 Deum
468 546 645 571 collaudantium,

388 577 468 597 Fervet
476 581 538 596 amor
547 576 659 601 mentium,

387 606 450 626 Clare
460 605 612 626 contuentium

362 636 456 656 Beatam
464 634 597 655 Trinitatem
606 635 628 654 in
637 640 682 655 una
691 635 790 655 Deitate:

386 665 458 690 Qua-m
467 664 561 685 adorant
571 664 688 690 Seraphim

385 695 525 714 Venerantur
533 693 651 714 Cherubim

386 723 488 744 Ferventi
498 723 520 743 in
529 728 610 748 amore,

386 753 474 778 Ingenti
483 752 525 773 sub
534 752 623 777 honore,

362 783 472 803 Mirantur
478 782 543 802 nimis
552 782 625 802 throni
634 782 662 802 de
671 783 735 803 tanta
741 782 866 808 maiestate.

386 846 405 866 Ο
414 851 480 871 quarn
489 844 603 870 praeclara
612 844 674 870 regio

386 875 417 895 Et
426 880 492 900 quam
501 874 582 894 decora
590 874 649 899 legio

361 904 397 924 Ex
406 904 492 929 angelis
501 905 525 924 et
534 903 667 924 hominibus!

385 934 405 954 0
414 933 511 958 glorioso
520 933 604 957 civitas,

386 963 412 983 In
421 968 465 988 qua
474 968 560 982 summa
569 962 726 987 tranquillitas:

361 993 410 1013 Lux
419 993 442 1013 et
451 998 496 1018 pax
505 991 528 1012 in
537 992 623 1012 cunetis
632 992 721 1012 finibus!

385 1055 449 1076 Cives
458 1054 524 1080 hujus
533 1054 635 1080 civitatis,

384 1084 448 1105 Vesti
457 1084 529 1104 nitent
538 1084 657 1109 castitatis,

386 1114 470 1139 Legem
479 1115 556 1134 tenent
565 1113 671 1138 caritatis,

386 1143 483 1164 Firmum
492 1144 582 1168 pactum
591 1143 689 1168 unitatis,

385 1173 435 1193 Non
444 1172 551 1197 laborant,
562 1172 591 1192 nil
600 1172 711 1197 ignorant,

346 1216 349 1219 .
386 1202 436 1222 Non
445 1203 565 1226 tentantur,
575 1207 616 1222 nec
624 1203 742 1227 vexantun

386 1232 478 1257 Semper
487 1231 542 1256 sani,
552 1236 639 1256 semper
647 1231 706 1256 laeti,

385 1260 476 1281 Cunctis
485 1260 549 1281 bonis
558 1261 610 1281 sunt
619 1260 708 1286 repleti!

708 1294 794 1308 τι-ιοιαΑε
802 1289 816 1307 Α
825 1294 905 1308 lenm-is
